<record><leader>00000cas a22000007a 4500</leader><controlfield tag="001">10771961</controlfield><controlfield tag="008">840524c19769999mtuwr ne      0    0eng d</controlfield><controlfield tag="009">4661</controlfield><datafield ind1=" " ind2=" " tag="010"><subfield code="a">sn 84036070 </subfield></datafield><datafield ind1=" " ind2=" " tag="040"><subfield code="a">MTL</subfield><subfield code="b">eng</subfield><subfield code="c">MTL</subfield></datafield><datafield ind1="1" ind2=" " tag="029"><subfield code="a">AU@</subfield><subfield code="b">000025808937</subfield></datafield><datafield ind1=" " ind2=" " tag="042"><subfield code="a">msc</subfield></datafield><datafield ind1="0" ind2="4" tag="245"><subfield code="a">The Bigfork eagle.</subfield></datafield><datafield ind1=" " ind2=" " tag="260"><subfield code="a">Bigfork, Mont. :</subfield><subfield code="b">D.J. Singer,</subfield><subfield code="c">1976-</subfield></datafield><datafield ind1=" " ind2=" " tag="300"><subfield code="a">v. :</subfield><subfield code="b">ill. ;</subfield><subfield code="c">58 cm.</subfield></datafield><datafield ind1=" " ind2=" " tag="310"><subfield code="a">Weekly</subfield><subfield code="b">May 18, 1977-</subfield></datafield><datafield ind1=" " ind2=" " tag="321"><subfield code="a">Semimonthly</subfield><subfield code="b">Dec. 15, 1976-May 4, 1977</subfield></datafield><datafield ind1="0" ind2=" " tag="362"><subfield code="a">Dec. 15, 1976-</subfield></datafield><datafield ind1=" " ind2=" " tag="500"><subfield code="a">Published as "Bigfork newspaper" for first two issues while contest was run to select name.</subfield></datafield><datafield ind1=" " ind2=" " tag="500"><subfield code="a">Publisher varies.</subfield></datafield><datafield ind1=" " ind2=" " tag="530"><subfield code="a">Available on microfilm from Montana Historical Society.</subfield></datafield><datafield ind1=" " ind2=" " tag="752"><subfield code="a">United States</subfield><subfield code="b">Montana</subfield><subfield code="c">Flathead</subfield><subfield code="d">Bigfork.</subfield></datafield><datafield ind1="1" ind2=" " tag="770"><subfield code="t">Flathead Valley outdoor journal</subfield><subfield code="g">Summer 1979-summer 1983</subfield></datafield><datafield ind1="1" ind2=" " tag="770"><subfield code="t">Northwest journal</subfield><subfield code="g">Autumn 1983-</subfield></datafield><datafield ind1="0" ind2="5" tag="780"><subfield code="t">Mountain standard times (Bigfork, Mont.)</subfield><subfield code="g">Mar. 28, 1979</subfield><subfield code="w">(DLC)sn 84036069</subfield></datafield></record>